<?xml version="1.0" encoding="UTF-8"?><collection xmlns="http://www.loc.gov/MARC21/slim"><record><leader>00405nam--2200133-i-4500</leader><controlfield tag="001">000014557</controlfield><controlfield tag="002">20161230</controlfield><controlfield tag="005">20161230201030</controlfield><controlfield tag="008">060222s1000------------r-----000-0-eng-d</controlfield><datafield ind1=" " ind2=" " tag="100"><subfield code="a">Denyer, P.B., Mavor, J., Jack, M.A</subfield></datafield><datafield ind1=" " ind2=" " tag="245"><subfield code="a">Introduction to mos ssi design</subfield></datafield><datafield ind1=" " ind2=" " tag="260"><subfield code="a">London, Addison-wesley Publ.Co., 1983</subfield></datafield><datafield ind1=" " ind2=" " tag="490"><subfield code="a">Microelectronics Systems Design Series</subfield></datafield><datafield ind1=" " ind2=" " tag="852"><subfield code="a">621.3.049.774.14:621.3.049.774.2</subfield></datafield></record></collection>